@phdthesis{ssavan,
	title    = "Static Single Assignment for Decompilation",
	school   = "Queensland University of Technology",
	author   = "Michael James Van Emmerik",
	year     = "2007"
}
@online{boomeranghomepage,
author    = "QuantumG and Mike Van Emmerik and Gerard Krol",
title     = "Boomerang Decompiler Homepage",
url       = "http://boomerang.sourceforge.net",
keywords  = "boomerang,decompiler"
}
@phdthesis{lvtn,
	title    = "Kỹ thuật dịch ngược",
	school   = "Đại học Bách Khoa - Đại học Quốc Gia Tp. HCM",
	author   = "Nguyễn Tiến Thành and Nguyễn Đôn Bình",
	year     = "2015",
	type = "{B.S. Thesis}"
}
@online{reverseengineeer,
	author    = "Backer Street Software",
	title     = "Reverse Engineering Resources - Decompilers",
	url       = "http://www.backerstreet.com/decompiler/decompilers.htm",
	keywords  = "backerstreet"
}
@online{reachingdef,
	author    = "Department of Computer Sciences",
	title     = "Reaching Definition Analysis",
	url       = "https://www.cs.purdue.edu/homes/ehanau/cs352/supplemental/reachdefpdf",
	keywords  = "reachingdefinitions"
}
@online{constantpropagation,
	author    = "Mooly Sagiv",
	title     = "Constant Propagation",
	url       = "http://www.cs.tau.ac.il/~msagiv/courses/pa07/lecture2-notes-updatepdf",
	keywords  = "constantpropagation"
}
